<?xml version="1.0" encoding="UTF-8"?><collection xmlns="http://www.loc.gov/MARC21/slim"><record><leader>00453nam--2200181-i-4500</leader><controlfield tag="001">000014314</controlfield><controlfield tag="002">20161230</controlfield><controlfield tag="005">20161230201030</controlfield><controlfield tag="008">060222s1000------------r-----000-0-eng-d</controlfield><datafield ind1=" " ind2=" " tag="040"><subfield code="a">IFIN-HH</subfield></datafield><datafield ind1=" " ind2=" " tag="080"><subfield code="a">535-1:535.38-1</subfield></datafield><datafield ind1="1" ind2=" " tag="100"><subfield code="a">Kimmitt, M.F</subfield></datafield><datafield ind1="1" ind2="0" tag="245"><subfield code="a">Far-infrared techniques</subfield><subfield code="c">M.f. kimmitt</subfield></datafield><datafield ind1=" " ind2=" " tag="260"><subfield code="a">London</subfield><subfield code="b">Pion Ltd</subfield><subfield code="c">1979</subfield></datafield><datafield ind1=" " ind2=" " tag="300"><subfield code="a">153P</subfield></datafield><datafield ind1=" " ind2=" " tag="490"><subfield code="a">Applied Physics Series, 3</subfield></datafield><datafield ind1=" " ind2=" " tag="852"><subfield code="a">34545</subfield><subfield code="c">53</subfield></datafield><datafield ind1=" " ind2=" " tag="CAT"><subfield code="a">Sys</subfield><subfield code="c">20150310</subfield><subfield code="h">093222</subfield></datafield></record></collection>